<?xml version="1.0" encoding="UTF-8"?>
<collection xmlns:xsi="http://www.w3.org/2001/XMLSchema-instance" xsi:schemaLocation="http://www.loc.gov/MARC21/slim http://www.loc.gov/standards/marcxml/schema/MARC21slim.xsd" xmlns="http://www.loc.gov/MARC21/slim">
<record>
  <leader>01137cam a2200241Ia 4500</leader>
  <controlfield tag="001">4200094</controlfield>
  <controlfield tag="003">NNC</controlfield>
  <controlfield tag="005">20160118124256.0</controlfield>
  <controlfield tag="008">840720m19459999le h     b    000 0carard</controlfield>
  <datafield tag="035" ind1=" " ind2=" ">
    <subfield code="a">(OCoLC)ocm10970967</subfield>
  </datafield>
  <datafield tag="035" ind1=" " ind2=" ">
    <subfield code="a">(NNC)4200094</subfield>
  </datafield>
  <datafield tag="040" ind1=" " ind2=" ">
    <subfield code="a">IXA</subfield>
    <subfield code="c">IXA</subfield>
    <subfield code="d">ZCU</subfield>
  </datafield>
  <datafield tag="099" ind1=" " ind2=" ">
    <subfield code="a">892.08</subfield>
    <subfield code="a">Am35</subfield>
    <subfield code="a">no.18,20,29</subfield>
  </datafield>
  <datafield tag="100" ind1="1" ind2=" ">
    <subfield code="a">Ghazzī, Najm al-Dīn Muḥammad ibn Muḥammad,</subfield>
    <subfield code="d">1570-1651.</subfield>
  </datafield>
  <datafield tag="245" ind1="1" ind2="3">
    <subfield code="a">al-Kawākib al-sāʾirah bi-aʻyān al-miʾah al-ʻāshirah /</subfield>
    <subfield code="c">Najm al-Dīn al-Ghazzī ; ḥaqqaqahu wa-ḍabaṭa naṣṣahu Jibrāʾīl Sulaymān Jabbūr.</subfield>
  </datafield>
  <datafield tag="260" ind1=" " ind2=" ">
    <subfield code="a">Bayrūt :</subfield>
    <subfield code="b">al-Maṭbaʻat al-Amīrkānīyah,</subfield>
    <subfield code="c">1945-</subfield>
  </datafield>
  <datafield tag="300" ind1=" " ind2=" ">
    <subfield code="a">v. :</subfield>
    <subfield code="b">facsims. ;</subfield>
    <subfield code="c">24 cm.</subfield>
  </datafield>
  <datafield tag="490" ind1="1" ind2=" ">
    <subfield code="a">Silsilat al-ʻUlūm al-Sharqīyah. Jāmiʻat Bayrūt al-Amīrīkīyah Manshūrāt Kullīyat al-ʻUlūm wa-al-Ādāb ;</subfield>
    <subfield code="v">18, 20, 29</subfield>
  </datafield>
  <datafield tag="500" ind1=" " ind2=" ">
    <subfield code="a">Imprints vary.</subfield>
  </datafield>
  <datafield tag="504" ind1=" " ind2=" ">
    <subfield code="a">Includes bibliographical references.</subfield>
  </datafield>
  <datafield tag="700" ind1="1" ind2=" ">
    <subfield code="a">Jabbūr, Jibrāʼīl Sulaymān.</subfield>
  </datafield>
  <datafield tag="830" ind1=" " ind2="0">
    <subfield code="a">Silsilat al-ʻUlūm al-Sharqīyah. Jāmiʻat Bayrūt al-Amīrīkīyah Manshūrāt Kullīyat al-ʻUlūm wa-al-Ādāb ;</subfield>
    <subfield code="v">18, etc.</subfield>
  </datafield>
  <datafield tag="955" ind1=" " ind2=" ">
    <subfield code="b">0051711079</subfield>
    <subfield code="d">glx</subfield>
    <subfield code="e">892.08 Am35 no.18,20,29</subfield>
    <subfield code="v">pt.1</subfield>
  </datafield>
</record>
</collection>